@report{pisainfocus2016,
  type = "Annual report of the Programme for International Student Assessment",
  author= "OECD",
  title= "Low-Performing Students: Why They Fall Behind and How to Help Them Succeed",
  year = "2016",
  publisher = "OECD",
  address = "Paris, France",
}

@article{padua2003engenharia,
  author="P\'adua, Wilson de",
  title="Engenharia de Software: fundamentos, métodos e padrões",
  publisher = "LTC",
  address = "Rio de Janeiro",
  year="2003",
  edition = "3",
}

@article{matuda2013mapas,
  author="Matuda, Danielle M and Begosso, Luiz C",
  title="Mapas Mentais na Engenharia de Requisitos",
  journal="SULCOMP",
  address = "Assis",
  year="2013",
}

@book{pressman2006engenharia,
  author="Pressman, Roger S",
  title="Engenharia de Software",
  volume="6",
  year="2006",
  publisher="Mcgraw-hill",
  address = "São Paulo",
  pages = "720"
}


@article{aguiar2012requisitos,
  author="Aguiar, Ana Paula Heinzen de",
  title="An{\'a}lise de Requisitos para um Consult{\'o}rio Odontol{\'o}gico",
  journal = "PMKB",
  address = "Manoel Ribas",
  year="2012",
}