@article{valentini2010aprendizagem,
  title={Aprendizagem em ambientes virtuais: compartilhando id{\'e}ias e construindo cen{\'a}rios},
  author={Valentini, Carla Beatris and Soares, Eliana Maria do Sacramento},
  journal={E-book-Aprendizagem em Ambientes Virtuais},
  year={2010}
}

@article{sa2015software,
  title={Software L{\'u}dico De Apoio Ao Ensino Aprendizagem Da Matem{\'a}tica Para Crian{\c{c}}as Com Discalculia},
  author={S{\'a}, Geize Da Cruz},
  journal={REPOSIT{\'O}RIO DE RELAT{\'O}RIOS-Sistemas de Informa{\c{c}}{\~a}o},
  number={1},
  year={2015}
}


@book{khan2012one,
  title={The one world schoolhouse: Education reimagined},
  author={Khan, Salman},
  year={2012},
  publisher={Twelve}
}

@online{tedtalk2011reinvend,
  author = {Khan, Salman},
  title = {Let's use video to reinvent education},
  year = 2011,
  url = {www.ted.com/talks/salman_khan_let_s_use_video_to_reinvent_education},
  Urlaccessdate = {09-05-2016}
}


@periodical{cartacapital2013,
  editor = {Olieira,Tory},
  year = {2013},
  title = {O velho modelo disfarçado de novo},
  issuetitle = {Especialistas criticam a qualidade das aulas online e o método de ensino do matemático},
  %volume = {66},
  %number = {191},
  url = {www.cartacapital.com.br/educacao/o-velho-modelo-disfarcado-de-novo},
  Urlaccessdate = {09-05-2016}
}

@periodical{revistaeducacao2013,
  editor = {Ouchana,Deborah},
  year = {2013},
  title = {Os segredos de Salman Khan},
  issuetitle = {Fenômeno mundial na internet, a Khan Academy chega às salas de aula brasileiras deixando uma dúvida: popularidade é sinal de qualidade?},
  %volume = {66},
  number = {191},
  url = {www.revistaeducacao.uol.com.br/textos/191/os-segredos-de-salman-khan-278807-1.asp},
  Urlaccessdate = {09-05-2016}
}

@article{melis2001activemath,
  title={ActiveMath: A generic and adaptive web-based learning environment},
  author={Melis, Erica and Andres, Eric and Budenbender, Jochen and Frischauf, Adrian and Goduadze, George and Libbrecht, Paul and Pollet, Martin and Ullrich, Carsten},
  journal={International Journal of Artificial Intelligence in Education (IJAIED)},
  volume={12},
  pages={385--407},
  year={2001}
}

@article{dutra2011resoluccao,
  title={Resolu{\c{c}}{\~a}o de problemas em ambientes virtuais de aprendizagem num curso de licenciatura em matem{\'a}tica na modalidade a dist{\^a}ncia},
  author={Dutra, D{\'e}bora Santos de Andrade},
  year={2011},
  publisher={Programa de P{\'o}s-Gradua{\c{c}}{\~a}o em Educa{\c{c}}{\~a}o Matem{\'a}tica. Departamento de Matem{\'a}tica, Instituto de Ci{\^e}ncias Exatas e Biol{\'o}gicas, Universidade Federal de Ouro Preto.}
}


@misc{oro29585,
  editor = {Lynn  Alves and Daniela  Barros and Alexandra Okada},
  title = {Moodle: Estrat{\'e}gias Pedag{\'o}gicas e Estudos de Casos},
  address = {Salvador, Brazil},
  publisher = {EDUNEB},
  year = {2009},
  note = {Published in Portuguese.},
  url = {http://oro.open.ac.uk/29585/},
}

@article{fardo2013gamificaccao,
  title={A gamifica{\c{c}}{\~a}o aplicada em ambientes de aprendizagem},
  author={Fardo, Marcelo Luis},
  journal={RENOTE},
  volume={11},
  number={1},
  year={2013}
}

@phdthesis{hammes2003tendencias,
  title={TEND{\^E}NCIAS METODOL{\'O}GICAS ATUAIS NA PR{\'A}TICA DE ENSINO},
  author={Hammes, Luciano},
  year={2003},
  school={Universidade Federal de Santa Catarina}
}

@book{de1996gerencia,
  title={A ger{\^e}ncia da criatividade: abrindo as janelas para a criatividade pessoal e nas orgniza{\c{c}}{\~a}oes},
  author={de ALENCAR, S},
  year={1996},
  publisher={Makron Books}
}

@book{brasil1999parametros,
  title={Par{\^a}metros curriculares nacionais: ensino m{\'e}dio},
  author={SEMT, Secretaria de Educa{\c{c}}{\~a}o Média e Tecnologica},
  year={1999},
  publisher={MEC}
}

@article{lopes1995aula,
  title={Aula expositiva: superando o tradicional},
  author={Lopes, Antonia Osima and Veiga, Ilma Passos Alencastro},
  journal={T{\'e}cnicas de ensino: por que n{\~a}o},
  volume={2},
  pages={35--113},
  year={1995}
}

@article{fossa1998tendencias,
  title={Tend{\^e}ncias atuais na Educa{\c{c}}{\~a}o Matem{\'a}tica: experi{\^e}ncias e perspectivas},
  author={FOSSA, JA and MENDES, IA},
  journal={XIII Encontro de Pesquisa Educacional do Nordeste--Cole{\c{c}}{\~a}o EPEN},
  volume={19},
  year={1998}
}

@article{dante1991didatica,
  title={Did{\'a}tica da resolu{\c{c}}{\~a}o de problemas de matem{\'a}tica},
  author={Dante, Luiz Roberto},
  journal={S{\~a}o Paulo: {\'A}tica},
  volume={1},
  year={1991}
}

%Concertar essa referência
@book{granjer1997modelagem,
  title={},
  author={Granjer},
  year={1997},
  publisher={},
  pages={}
}

@book{biembengut1999modelagem,
  title={Modelagem Matemática e Implicações no Ensino - Aprendizagem de Matemática},
  author={BIEMBENGUT, M. S.},
  year={1999},
  publisher={ Câmera Brasileira do Livro},
  pages={21}
}

@article {fardo2013gamificaccao,
  title = {A gamificação Aplicada em Ambientes de Aprendizagem},
  author = {Fardo, Marcelo Luis},
  journal = {},
  volume = {11},
  number = {1},
  year = {2013}
}

@book{halliwell2013gamification,
  title={Gamification for the clueless: how you can make the mundane more exciting by using Points, Badges and Leaderboards, and what this can do for your business},
  author={Halliwell, Josh},
  year={2013},
  publisher={Amazon Digital Services, Inc.},
  pages={39}
}

@inproceedings{von2013duolingo,
  title={Duolingo: learn a language for free while helping to translate the web},
  author={Von Ahn, Luis},
  booktitle={Proceedings of the 2013 international conference on Intelligent user interfaces},
  pages={1--2},
  year={2013},
  organization={ACM}
}

@article{bitzer1961plato,
  title={PLATO: An automatic teaching device},
  author={Bitzer, Donald and Braunfeld, Peter and Lichtenberger, W},
  journal={Education, IRE Transactions on},
  volume={4},
  number={4},
  pages={157--161},
  year={1961},
  publisher={IEEE}
}

@article{woolley1994plato,
  title={PLATO: The emergence of online community},
  author={Woolley, David R},
  journal={Computer-Mediated Communication Magazine},
  volume={1},
  number={3},
  pages={5},
  year={1994}
}

@article{silva2009ambiente,
  title={Ambiente computacional interativo para aux{\'\i}lio do processo de ensino aprendizagem de matem{\'a}tica b{\'a}sica},
  author={Silva, Francisco Robson Alves da},
  year={2009}
}

@book{almeida2000proinfo,
  title={ProInfo: Inform{\'a}tica e forma{\c{c}}{\~a}o de professores},
  author={de Almeida, Maria Elizabeth Bianconcini},
  year={2000},
  publisher={Minist{\'e}rio da Educa{\c{c}}{\~a}o, Secretaria de Educa{\c{c}}{\~a}o a Dist{\^a}ncia}
}

@book{melo2007principios,
  title={Princ{\'\i}pios e normas para a matem{\'a}tica escolar},
  author={Melo, M},
  year={2007},
  furtherresp={Tradu{\c c}\~ao M. Rebelo},
  publisher={Associa{\c{c}}{\~a}o de Professores de Matem{\'a}tica},
  pages ={466},
}

@article{bitner2002integrating,
  title={Integrating technology into the classroom: Eight keys to success},
  author={Bitner, Noel and Bitner, Joe},
  journal={Journal of technology and teacher education},
  volume={10},
  number={1},
  pages={95--100},
  year={2002}
}

@article{oleary2002virtual,
  title={Virtual learning environments},
  author={OLeary, Ros and Ramsden, Andy},
  journal={Learning and Teaching Support Network Generic Centre/ALT Guides, LTSN. Retrieved July},
  volume={12},
  pages={2005},
  year={2002}
}

@book{valentini2010aprendizagem,
  title={Aprendizagem em ambientes virtuais: compartilhando id{\'e}ias e construindo cen{\'a}rios},
  author={Valentini, Carla Beatris and Soares, Eliana Maria do Sacramento},
  journal={E-book-Aprendizagem em Ambientes Virtuais},
  year={2010}
}


@book{tajra2001ferramentas,
  title = {Informática na educação: novas ferramentas pedagógicas para o professor da atualidade},
  author = {TAJRA, Sanmya Feitosa},
  journal = {São Paulo: Érica},
  year = {2001},
  volume = {3},
}

@phdthesis{carvalho2013ambiente,
  title={Ambiente Virtual de Aprendizagem Matem{\'a}tica em contexto educativo},
  author={Carvalho, Liliana Teresa{}Neto},
  year={2013}
}

@book{masetto2012competencia,
  title={Compet{\^e}ncia pedag{\'o}gica do professor universit{\'a}rio},
  author={Masetto, Marcos Tarciso},
  year={2012},
  publisher={Summus Editorial}
}

@phdthesis{talma2006desenvolvimento,
  title={DESENVOLVIMENTO DE SOFTWARE DE AUX{\'I}LIO AO FLUXO E AO COMPARTILHAMENTO DE INFORMA{\c{C}}{\~O}ES ADMINISTRATIVAS EM AMBIENTES EMPRESARIAIS},
  author={Talma, Thiago Moreira},
  year={2006},
  school={UNIVERSIDADE FEDERAL DE JUIZ DE FORA}
}

@article{padua2003engenharia,
  title={Engenharia de Software: fundamentos, m{\'e}todos e padr{\~o}es},
  author={P{\'a}dua, Wilson de},
  journal={Rio de Janeiro: LTC},
  year={2003}
}

@book{sommerville2003engenharia,
  title={Engenharia de software},
  author={Sommerville, Ian},
  volume={},
  year={2003},
  publisher={S{\~a}o Paulo: Addison Wesley}
}

@book{pressman2006engenharia,
  title={Engenharia de Software},
  author={Pressman, Roger S},
  volume={6},
  year={2006},
  publisher={S{\~a}o Paulo: Mcgraw-hill},
  pages = {720}
}

@article{matuda2013mapas,
  title={Mapas Mentais na Engenharia de Requisitos},
  author={Matuda, Danielle M and Begosso, Luiz C},
  journal={Anais SULCOMP},
  year={2013},
}

@article{belei2008uso,
  title={O uso de entrevista, observa{\c{c}}{\~a}o e videograva{\c{c}}{\~a}o em pesquisa qualitativa},
  author={Belei, Renata Aparecida and Gimeniz-Paschoal, Sandra Regina and Nascimento, Edinalva Neves and Matsumono, Patr{\'\i}cia Helena Vivan Ribeiro},
  journal={Cadernos de educa{\c{c}}{\~a}o},
  number={30},
  year={2008}
}

@inproceedings{pruitt2003personas,
  title={Personas: practice and theory},
  author={Pruitt, John and Grudin, Jonathan},
  booktitle={Proceedings of the 2003 conference on Designing for user experiences},
  pages={1--15},
  year={2003},
  organization={ACM},
}

@article{guerra2010colaboraccao,
  title={Colabora{\c{c}}{\~a}o para captura de requisitos: uma experi{\^e}ncia com uso de personas},
  author={Guerra, Patricia Lage},
  year={2010},
  publisher={UFMG},
}

@book{sommerville2003engenharia,
  title={Engenharia de software},
  author={Sommerville, Ian and Melnikoff, Selma Shin Shimizu and Arakaki, Reginaldo and de Andrade Barbosa, Edilson},
  volume={6},
  year={2003},
  publisher={ S{\~a}o Paulo: Addison Wesley}
}

@book{jacobson92engenharia,
  title={\textit{Object-Oriented Software Engineering}},
  author={Jacobson, I},
  year={1992},
  publisher={S{\~a}o Paulo: Addison Wesley}
}


@article{rilston2003metodologia,
  title={Uma metodologia para defini{\c{c}}{\~a}o de requisitos em sistemas Data Warehouse},
  author={Rilston Silva Paim, Fabio},
  year={2003},
  publisher={Universidade Federal de Pernambuco}
}

@article{booch1999unified,
  title={The Unified Modeling Language User Guide},
  author={Booch, Grady and Rumbaugh, James and Jacobson, Ivar},
  journal={MA: Addison-Wesley},
  year={1999}
}

@article{bachelard1996formaccao,
  title={A forma{\c{c}}{\~a}o do esp{\'\i}rito cient{\'\i}fico},
  author={Bachelard, Gaston},
  journal={Rio de janeiro: Contraponto},
  pages={7--37},
  year={1996}
}

@article{michel2004metodologias,
  title={Metodologias {\'a}geis extreme programming e scrum para o desenvolvimento de software},
  author={dos Santos Soares, Michel},
  journal={Revista Eletr{\^o}nica de Sistemas de Informa{\c{c}}{\~a}o ISSN 1677-3071 doi: 10.5329/RESI},
  volume={3},
  number={1},
  year={2004}
}

@phdthesis{fujisawa2000utilizaccao,
  title={Utiliza{\c{c}}{\~a}o de jogos e brincadeiras como recurso no atendimento fisioterap{\^e}utico de crian{\c{c}}a: implica{\c{c}}{\~o}es na forma{\c{c}}{\~a}o do fisioterapeuta. 2000},
  author={FUJISAWA, Dirce Shizuco},
  year={2000},
  school={Disserta{\c{c}}{\~a}o (Mestrado em Educa{\c{c}}{\~a}o)-Faculdade de Filosofia e Ci{\^e}ncias, Universidade Estadual Paulista, Mar{\'\i}lia}
}

@article{da1997ensino,
  title={Ensino da Matem{\'a}tica na Sociedade de Informa{\c{c}}{\~a}o},
  author={da Ponte, Jo{\~a}o Pedro},
  year={1997}
}

@article{aguiar2012requisitos,
  title={An{\'a}lise de Requisitos para um Consult{\'o}rio Odontol{\'o}gico},
  author={Aguiar, Ana Paula Heinzen de},
  publisher = {MANOEL RIBAS/PR},
  year={2012}
}

@online{aniche2014teste,
  author = {Aniche, Maurício},
  title = {Unidade, integração ou sistema? Qual teste fazer?},
  year = 2014,
  url = 
{www.blog.caelum.com.br/unidade-integracao-ou-sistema-qual-teste-fazer/},
  Urlaccessdate = {26-05-2016}
}

@inproceedings{david2013everything,
  title={Everything you always wanted to know about synchronization but were afraid to ask},
  author={David, Tudor and Guerraoui, Rachid and Trigonakis, Vasileios},
  booktitle={Proceedings of the Twenty-Fourth ACM Symposium on Operating Systems Principles},
  pages={33--48},
  year={2013},
  organization={ACM}
}

@online{astah2016,
  author = {Astah},
  title = {Astah Community},
  year = 2016,
  url = 
{www.astah.change-vision.com},
  Urlaccessdate = {06-06-2016}
}

@book{vanrossum2010python,
  title={The Python Language Reference},
  author={VanRossum, Guido and Drake, Fred L},
  year={2010},
  publisher={Python software foundation Amsterdam, Netherlands}
}

@book{momjian2001postgresql,
  title={PostgreSQL: introduction and concepts},
  author={Momjian, Bruce},
  volume={192},
  year={2001},
  publisher={Addison-Wesley New York}
}

@online{django2016,
  author = {Django},
  title = {Official Django Site},
  year = 2016,
  url = {www.djangoproject.com},
  Urlaccessdate = {06-06-2016}
}

@online{rosetta2016,
  author = {Rosetta},
  title = {Rosetta Documentation},
  year = 2016,
  url = {www.django-rosetta.readthedocs.io},
  Urlaccessdate = {06-06-2016}
}

@report{pisainfocus2016,
  title= {Low-Performing Students: Why They Fall Behind and How to Help Them Succeed},
  author= {OECD},
  date= {2016-02-10},
  type = {Annual report of the Programme for International Student Assessment},
  year = {2016},
  location = {Paris, France},
  version = {2014-06-30}
}


@article{bray1998extensible,
  title={Extensible markup language (XML)},
  author={Bray, Tim and Paoli, Jean and Sperberg-McQueen, C Michael and Maler, Eve and Yergeau, Fran{\c{c}}ois},
  journal={World Wide Web Consortium Recommendation REC-xml-19980210. http://www. w3. org/TR/1998/REC-xml-19980210},
  volume={16},
  pages={16},
  year={1998}
}


@inproceedings{melis2004activemath,
  title={Activemath: An intelligent tutoring system for mathematics},
  author={Melis, Erica and Siekmann, J{\"o}rg},
  booktitle={International Conference on Artificial Intelligence and Soft Computing},
  pages={91--101},
  year={2004},
  organization={Springer}
}

@article{freire1982educaccao,
  title={Sobre educa{\c{c}}{\~a}o (di{\'a}logos)},
  author={Freire, Paulo and Guimar{\^a}es, S{\'e}rgioPaulo},
  year={1982},
  publisher={Paz e Terra,}
}


@article{burak2004modelagem,
  title={Modelagem Matem{\'a}tica e a sala de aula},
  author={Burak, Dion{\'\i}sio},
  journal={Encontro Paranaense de Modelagem em Educa{\c{c}}{\~a}o Matem{\'a}tica},
  volume={1},
  pages={1--10},
  year={2004}
}

@book{bassanezi2002ensino,
  title={Ensino-aprendizagem com modelagem matem{\'a}tica: uma nova estrat{\'e}gia},
  author={Bassanezi, Rodney Carlos},
  year={2002},
  publisher={Editora Contexto}
}


@inproceedings{von2013duolingo,
  title={Duolingo: learn a language for free while helping to translate the web},
  author={von Ahn, Luis},
  booktitle={Proceedings of the 2013 international conference on Intelligent user interfaces},
  pages={1--2},
  year={2013},
  organization={ACM}
}


@article{vesselinov2012duolingo,
  title={Duolingo effectiveness study},
  author={Vesselinov, Roumen and Grego, John},
  journal={City University of New York, USA},
  year={2012}
}
