@book{valentini2010aprendizagem,
  author= "Valentini, Carla Beatris and Soares, Eliana Maria do Sacramento",
  title= "Aprendizagem em ambientes virtuais: compartilhando id{\'e}ias e construindo cen{\'a}rios",
  year= "2010",
  publisher="Educs",
  address = " Caxias do Sul"
}

@article{de2006dificuldades,
  author="C{\'\i}nthia Soares de Almeida",
  title="Dificuldades de aprendizagem em Matem{\'a}tica e a percep{\c{c}}{\~a}o dos professores em rela{\c{c}}{\~a}o a fatores associados 
ao insucesso nesta {\'a}rea",
  year="2006",
  journal="Universidade Cat{\'o}lica de Bras{\'\i}lia",
  address= "Bras{\'\i}lia--DF",
}

@book{khan2012one,
  author="Khan, Salman",
  title="The one world schoolhouse: Education reimagined",
  year="2012",
  publisher="Twelve",
  address = "New York"
}

@online{tedtalk2011reinvend,
  author = "Khan, Salman",
  title = "Salman Khan: Let's Use Video To Reinvent Education",
  year = "2011",
  publisher = "Ted Talks",
  url = "http://www.ted.com/talks/salman_khan_let_s_use_video_to_reinvent_education",
  urlaccessdate = "09 maio 2016"
}

@article{melis2001activemath,
  author  = "Melis, Erica and Andres, Eric and Budenbender, Jochen and Frischauf, Adrian and Goduadze, George and Libbrecht, Paul and Pollet, Martin and Ullrich, Carsten",
  title   = "ActiveMath: A generic and adaptive web-based learning environment",
  journal = "International Journal of Artificial Intelligence in Education (IJAIED)",
  year    = "2001",
  pages   = "385--407",
  volume  = "12",
  address = "San Antonio",
}

@mastersthesis{dutra2011resoluccao,
  type="Mestrado em Educação Matemática",
  author="Dutra, D{\'e}bora Santos de Andrade",
  title="Resolu{\c{c}}{\~a}o de problemas em ambientes virtuais de aprendizagem num curso de licenciatura em matem{\'a}tica na modalidade a dist{\^a}ncia",
  year="2011",
  school="Universidade Federal de Ouro Preto",
  address= "Ouro Preto",
}

@book{oro29585,
  author = "Lynn  Alves and Daniela  Barros and Alexandra Okada",
  title = "Moodle: Estrat{\'e}gias Pedag{\'o}gicas e Estudos de Casos",
  address = "Salvador",
  publisher = "EDUNEB",
  year = "2009",
}


@article{fardo2013gamificaccao,
  author="Fardo, Marcelo Luis",
  title="A Gamifica{\c{c}}{\~a}o Aplicada em Ambientes de Aprendizagem",
  journal="Revista Novas Tecnologias na Educação",
  volume="11",
  number="1",
  year="2013",
  address = "Porto Alegre",
}

@article{hammes2003tendencias,
  title="Tendências Metodológicas Atuais na Prática de Ensino",
  author="Hammes, Luciano",
  address = "Florianópolis",
  year    = "2003"
}

@book{de1996gerencia,
  author="Eunice Soriano de Alencar", 
  title="A Ger{\^e}ncia da Criatividade: Abrindo as Janelas para a Criatividade Pessoal e nas Organizações",
  year="1996",
  address = "São Paulo",
  publisher="Makron Books",
}

@article{lopes1995aula,
  author="Lopes, Antonia Osima and Veiga, Ilma Passos Alencastro",
  title="Aula expositiva: superando o tradicional",
  chapter = "2",
  pages="35--113",
  publisher="T{\'e}cnicas de ensino: por que n{\~a}o?",
  year="1995",
  volume="2",
  address = "São paulo",
}

@article{fossa1998tendencias,
  author="FOSSA, JA and MENDES, IA",
  title="Tendências atuais na Educação Matemática: experiências e perspectivas",
  journal="XIII Encontro de Pesquisa Educacional do Nordeste--Cole{\c{c}}{\~a}o EPEN",
  address = "Natal",
  year="1998",
}

@book{dante1991didatica,
  author="Dante, Luiz Roberto",
  title="Didática da resolução de problemas de matemática",
  publisher = "Ática",
  address = "São Paulo",
  volume="1",
  year="1991",
}

@book{halliwell2013gamification,
  author="Halliwell, Josh",
  title="Gamification for the clueless: how you can make the mundane more exciting by using Points, Badges and Leaderboards, and what this can do for your business",
  year="2013",
  publisher="Amazon Digital Services, Inc.",
  pages="39",
}

@inproceedings{von2013duolingo,
 author = "Von Ahn, Luis",
 title = "Duolingo: Learn a Language for Free While Helping to Translate the Web",
 booktitle = "Proceedings of the 2013 International Conference on Intelligent User Interfaces",
 year = "2013",
 pages = "1--2",
 numpages = "2",
 publisher = "ACM",
 address = "New York",
} 


@article{bitzer1961plato,
  author= "Bitzer, Donald and Braunfeld, Peter and Lichtenberger, W",
  title= "PLATO: An automatic teaching device",
  journal="IRE Transactions on Education",
  volume="4",
  number="4",
  pages="157--161",
  year="1961",
  publisher="IEEE"
}

@article{woolley1994plato,
  author="Woolley, David R",
  title="PLATO: The emergence of online community",
  journal="Computer-Mediated Communication Magazine",
  volume="1",
  number="3",
  pages="5",
  year="1994"
}

@mastersthesis{silva2009ambiente,
  type="Mestrado em Engenharia Elétrica",
  author="Silva, Francisco Robson Alves da",
  title="Ambiente computacional interativo para aux{\'\i}lio do processo de ensino aprendizagem de matemática básica",
  year="2009",
  school="Universidade Federal do Pará",
  address = "Santarém",
  
}

@book{almeida2000proinfo,
  author="Maria Elizabeth Bianconcini de Almeida",
  title="ProInfo: Inform{\'a}tica e formação de professores",
  publisher="Ministério da Educação, Secretaria de Educação a Distância",
  year="2000",
  volume = "1",
  address = "Brasília",
}

@book{melo2007principios,
  author="Melo, M",
  title="Princípios e normas para a matemática escolar",
  year="2007",
  furtherresp="Tradução de M. Rebelo",
  publisher="Associação de Professores de Matemática",
  pages ="466",
  address = "Lisboa",
  edition = "2",
}

@article{bitner2002integrating,
  author="Bitner, Noel and Bitner, Joe",
  title="Integrating technology into the classroom: Eight keys to success",
  journal="Journal of technology and teacher education",
  volume="10",
  number="1",
  pages="95--100",
  year="2002",
  address = "Norfolk",
}

@article{oleary2002virtual,
  author="O’Leary, Ros and Ramsden, Andy",
  title="Virtual learning environments",
  journal="Learning and Teaching Support Network Generic Centre/ALT Guides, LTSN. Retrieved July",
  volume="12",
  pages="25",
  year="2002",
  address = "Bristol"
}

@book{tajra2001ferramentas,
  author = "TAJRA, Sanmya Feitosa",
  title = "Informática na Educação: Novas Ferramentas Pedagógicas para o Professor da Atualidade",
  address = "São Paulo",
  publisher = "Érica",
  year = "2001",
  volume = "3",
}

@mastersthesis{carvalho2013ambiente,
  type="Mestrado em Educação",
  author="Carvalho, Liliana Teresa{ }Neto",
  title="Ambiente Virtual de Aprendizagem Matem{\'a}tica em contexto educativo",
  address = "Lisboa",
  school = "Universidade de Lisboa",
  year="2013"
}

@book{masetto2012competencia,
  author="Masetto, Marcos Tarciso",
  title="Competência Pedagógica do Professor Universitário",
  year="2012",
  publisher="Summus Editorial",
  address = "São Paulo",
}

@article{talma2006desenvolvimento,
  author="Talma, Thiago Moreira",
  title="Desenvolvimento de Software de Auxílio ao Fluxo e ao Compartilhamento de Informações Administrativas em Ambientes Empresariais",
  address = "Juiz de Fora",
  year="2006",
}

@article{padua2003engenharia,
  author="P\'adua, Wilson de",
  title="Engenharia de Software: fundamentos, métodos e padrões",
  publisher = "LTC",
  address = "Rio de Janeiro",
  year="2003",
  edition = "3",
}

@book{pressman2006engenharia,
  author="Pressman, Roger S",
  title="Engenharia de Software",
  volume="6",
  year="2006",
  publisher="Mcgraw-hill",
  address = "São Paulo",
  pages = "720"
}

@article{matuda2013mapas,
  author="Matuda, Danielle M and Begosso, Luiz C",
  title="Mapas Mentais na Engenharia de Requisitos",
  journal="SULCOMP",
  address = "Assis",
  year="2013",
}

@article{belei2008uso,
  author="Belei, Renata Aparecida and Gimeniz-Paschoal, Sandra Regina and Nascimento, Edinalva Neves and Matsumono, Patr{\'\i}cia Helena Vivan Ribeiro",
  title="O uso de entrevista, observação e videogravação em pesquisa qualitativa",
  journal="Cadernos de educação",
  number="30",
  year="2008",
  address = "Pelotas",
}

@inproceedings{pruitt2003personas,
  author="Pruitt, John and Grudin, Jonathan",
  title="Personas: practice and theory",
  booktitle="Proceedings of the 2003 conference on Designing for user experiences",
  pages="1--15",
  year="2003",
  organization="ACM",
  address = "",
}

@article{guerra2010colaboraccao,
  author="Guerra, Patricia Lage",
  title="Colabora{\c{c}}{\~a}o para captura de requisitos: uma experi{\^e}ncia com uso de personas",
  year="2010",
  publisher="UFMG",
  address = "Belo Horizonte",
}

@book{sommerville2003engenharia,
  author="Sommerville, Ian and Melnikoff, Selma Shin Shimizu and Arakaki, Reginaldo and de Andrade Barbosa, Edilson",
  title="Engenharia de software",
  volume="6",
  year="2003",
  publisher="Addison Wesley",
  address = "São Paulo",
}

@book{jacobson92engenharia,
  author="Jacobson, I",
  title="\textit{Object-Oriented Software Engineering}",
  year="1992",
  publisher="Addison Wesley",
  address = "São Paulo",
}

@mastersthesis{rilston2003metodologia,
  type="Mestrado em Ciência da Computação",
  author="Rilston Silva Paim, Fabio",
  title="Uma metodologia para defini{\c{c}}{\~a}o de requisitos em sistemas Data Warehouse",
  year="2003",
  address = "Recife",
  school = "Universidade Federal de Pernambuco",
}

@book{booch1999unified,
  author="Booch, Grady and Rumbaugh, James and Jacobson, Ivar",
  title="The Unified Modeling Language User Guide",
  publisher="Addison-Wesley",
  year="1999",
  edition = "2",
  address = "Massachusetts",
}

@article{bachelard1996formaccao,
  author="Bachelard, Gaston",
  title="A forma{\c{c}}{\~a}o do esp{\'\i}rito cient{\'\i}fico",
  journal="Contraponto",
  pages="7--37",
  year="1996",
  address = "Rio de janeiro",
}

@article{michel2004metodologias,
  author="dos Santos Soares, Michel",
  title="Metodologias {\'a}geis extreme programming e scrum para o desenvolvimento de software",
  journal="Revista Eletr{\^o}nica de Sistemas de Informação",
  volume="3",
  number="1",
  year="2004",
}

@mastersthesis{fujisawa2000utilizaccao,
  author="FUJISAWA, Dirce Shizuco",
  type="Mestrado em Educação",
  title="Utilização de jogos e brincadeiras como recurso no atendimento fisioterap{\^e}utico de crian{\c{c}}a: implicações na formação do fisioterapeuta",
  year="2000",
  school="Universidade Estadual Paulista",
  address = "Marília",
}

@article{da1997ensino,
  title="Ensino da Matem{\'a}tica na Sociedade de Informação",
  author="da Ponte, Jo{\~a}o Pedro",
  journal = "Educação e Matemática",
  number = "45",
  year="1997",
  address = "Lisboa",
}

@article{aguiar2012requisitos,
  author="Aguiar, Ana Paula Heinzen de",
  title="An{\'a}lise de Requisitos para um Consult{\'o}rio Odontol{\'o}gico",
  journal = "PMKB",
  address = "Manoel Ribas",
  year="2012",
}

@online{aniche2014teste,
  author = "Aniche, Maurício",
  title = "Unidade, integração ou sistema? Qual teste fazer?",
  year = "2014",
  url = "http://www.blog.caelum.com.br/unidade-integracao-ou-sistema-qual-teste-fazer/",
  urlaccessdate = "26 maio 2016"
}

@inproceedings{david2013everything,
  author="David, Tudor and Guerraoui, Rachid and Trigonakis, Vasileios",
  title="Everything you always wanted to know about synchronization but were afraid to ask",
  booktitle="Proceedings of the Twenty-Fourth ACM Symposium on Operating Systems Principles",
  pages="33--48",
  year="2013",
  organization="ACM",
  address = "Lausanne, Switzerland",
}

@online{astah2016,
  author = "Astah",
  title = "Astah Community",
  year = "2016",
  url = "http://www.astah.net/editions/community",
  urlaccessdate = "01 Jul 2016"
}

@book{vanrossum2010python,
  author="VanRossum, Guido and Drake, Fred L",
  title="The Python Language Reference",
  year="2010",
  publisher="Python software foundation",
  address = "Amsterdam, Netherlands",
}

@book{momjian2001postgresql,
  author="Momjian, Bruce",
  title="PostgreSQL: introduction and concepts",
  volume="192",
  year="2001",
  publisher="Addison-Wesley",
  address = "New York, NY"
}

@online{django2016,
  author = "Django",
  title = "Official Django Site",
  year = "2016",
  url = "http://www.djangoproject.com",
  urlaccessdate = "06 jun 2016"
}

@online{rosetta2016,
  author = "Rosetta",
  title = "Rosetta Documentation",
  year = "2016",
  url = "http://www.django-rosetta.readthedocs.io",
  urlaccessdate = "06 jun 2016",
}

@report{pisainfocus2016,
  type = "Annual report of the Programme for International Student Assessment",
  author= "OECD",
  org-short = "OECD",
  title= "Low-Performing Students: Why They Fall Behind and How to Help Them Succeed",
  year = "2016",
  publisher = "Organisation for Economic Co-operation and Development",
  address = "Paris, France",
}


@article{bray1998extensible,
  author="Bray, Tim and Paoli, Jean and Sperberg-McQueen, C Michael and Maler, Eve and Yergeau, Fran{\c{c}}ois",
  title="Extensible markup language (XML)",
  journal="World Wide Web Consortium Recommendation",
  volume="16",
  pages="16",
  year="1998",
}


@inproceedings{melis2004activemath,
  author="Melis, Erica and Siekmann, J{\"o}rg",
  title="Activemath: An intelligent tutoring system for mathematics",
  booktitle="International Conference on Artificial Intelligence and Soft Computing",
  pages="91--101",
  year="2004",
  organization="Springer",
  address = "Marbella, Spain",
}

@article{freire1982educaccao,
  author="Freire, Paulo and Guimar{\^a}es, S{\'e}rgioPaulo",
  title="Sobre educa{\c{c}}{\~a}o (di{\'a}logos)",
  year="1982",
  volume = "1",
  address = "Rio de Janeiro",
  publisher="Paz e Terra",
}


@article{burak2004modelagem,
  author="Burak, Dion{\'\i}sio",
  title="Modelagem Matem{\'a}tica e a sala de aula",
  journal="Encontro Paranaense de Modelagem em Educa{\c{c}}{\~a}o Matem{\'a}tica",
  volume="1",
  pages="1--10",
  year="2004",
  address = "Londrina"
}

@book{bassanezi2002ensino,
  author="Bassanezi, Rodney Carlos",
  title="Ensino-aprendizagem com modelagem matem{\'a}tica: uma nova estrat{\'e}gia",
  year="2002",
  publisher="Contexto",
  address = "São Paulo",
}

@article{vesselinov2012duolingo,
  author="Vesselinov, Roumen and Grego, John",
  title="Duolingo effectiveness study",
  journal="City University of New York",
  address = "New York, USA",
  year="2012"
}
